

@Comment{gbTeXpublisher: databaseType:biblatex; fecha de creaciÃ³n: 15/05/2024;}